# Abstract
@article{Gordon2024,
  author    = {Cindy Gordon},
  title     = {ChatGPT and Generative AI Innovations Are Creating Sustainability Havoc},
  journal   = {Forbes},
  year      = {2024},
  url       = {https://www.forbes.com/sites/cindygordon/2024/03/12/chatgpt-and-generative-ai-innovations-are-creating-sustainability-havoc/},
  note      = {Accessed: 2024-07-27}
}

@article{Krizhevsky2009,
  author    = {Alex Krizhevsky},
  title     = {Learning Multiple Layers of Features from Tiny Images},
  year      = {2009},
  journal   = {Technical Report, University of Toronto},
  url       = {https://www.cs.toronto.edu/~kriz/cifar.html},
  note      = {Accessed: 2024-07-27}
}

@article{medmnistv2,
    title={MedMNIST v2-A large-scale lightweight benchmark for 2D and 3D biomedical image classification},
    author={Yang, Jiancheng and Shi, Rui and Wei, Donglai and Liu, Zequan and Zhao, Lin and Ke, Bilian and Pfister, Hanspeter and Ni, Bingbing},
    journal={Scientific Data},
    volume={10},
    number={1},
    pages={41},
    year={2023},
    publisher={Nature Publishing Group UK London}
}

@inproceedings{medmnistv1,
    title={MedMNIST Classification Decathlon: A Lightweight AutoML Benchmark for Medical Image Analysis},
    author={Yang, Jiancheng and Shi, Rui and Ni, Bingbing},
    booktitle={IEEE 18th International Symposium on Biomedical Imaging (ISBI)},
    pages={191--195},
    year={2021}
}

#Introduction
@article{Alain2016,
  author    = {Guillaume Alain and Yoshua Bengio},
  title     = {Understanding intermediate layers using linear classifier probes},
  journal   = {arXiv preprint arXiv:1610.01644},
  year      = {2016},
  url       = {https://arxiv.org/abs/1610.01644}
}

@book{Breiman2001,
  author    = {Leo Breiman},
  title     = {Random Forests},
  publisher = {Springer},
  year      = {2001},
  pages     = {5--32}
}

@article{Maaten2008,
  author    = {Laurens van der Maaten and Geoffrey Hinton},
  title     = {Visualizing Data using t-SNE},
  journal   = {Journal of Machine Learning Research},
  volume    = {9},
  number    = {Nov},
  year      = {2008},
  pages     = {2579--2605},
  url       = {http://www.jmlr.org/papers/volume9/vandermaaten08a/vandermaaten08a.pdf}
}
